<?xml version="1.0" encoding="UTF-8"?><collection xmlns="http://www.loc.gov/MARC21/slim"><record><leader>00430nam--2200145-i-4500</leader><controlfield tag="001">000041328</controlfield><controlfield tag="002">20161230</controlfield><controlfield tag="005">20161230201043</controlfield><controlfield tag="008">060222s1000------------r-----000-0-eng-d</controlfield><datafield ind1=" " ind2=" " tag="080"><subfield code="a">519.688(043)+534.01</subfield></datafield><datafield ind1=" " ind2=" " tag="100"><subfield code="a">Seybold,Manfred</subfield></datafield><datafield ind1=" " ind2=" " tag="245"><subfield code="a">Uber die erwelterung eines simulationsmodells zur berechnung der statik und dynamik von ..</subfield></datafield><datafield ind1=" " ind2=" " tag="260"><subfield code="a">Stuttgart, Univ.,1979. 127 P</subfield></datafield><datafield ind1=" " ind2=" " tag="490"><subfield code="a">Sonderforschunsbereich</subfield></datafield><datafield ind1=" " ind2=" " tag="852"><subfield code="a">47402</subfield></datafield></record></collection>